% Corrected and verified bibliography entries

@report{idc2025,
  author       = {{International Data Corporation}},
  title        = {Worldwide Global DataSphere Forecast, 2021–2025: The World Keeps Creating More Data — Now, What Do We Do with It All?},
  institution  = {IDC Corporate USA},
  year         = {2021},
  month        = {3},
  note         = {Document \#US46410421. Forecast projects 181 zettabytes by 2025},
  url          = {https://www.idc.com/getdoc.jsp?containerId=US46410421}
}

@article{eppler2004,
  author  = {Martin J. Eppler and Jeanne Mengis},
  title   = {The Concept of Information Overload: A Review of Literature from Organization Science, Accounting, Marketing, MIS, and Related Disciplines},
  journal = {The Information Society},
  volume  = {20},
  number  = {5},
  pages   = {325--344},
  year    = {2004},
  doi     = {10.1080/01972240490507974}
}

@article{sweller1988,
  author  = {John Sweller},
  title   = {Cognitive Load During Problem Solving: Effects on Learning},
  journal = {Cognitive Science},
  volume  = {12},
  number  = {2},
  pages   = {257--285},
  year    = {1988},
  doi     = {10.1207/s15516709cog1202_4}
}

@article{arnold2023,
  author  = {Miriam Arnold and Mascha Goldschmitt and Thomas Rigotti},
  title   = {Dealing with Information Overload: A Comprehensive Review},
  journal = {Frontiers in Psychology},
  volume  = {14},
  pages   = {1122200},
  year    = {2023},
  month   = {6},
  doi     = {10.3389/fpsyg.2023.1122200}
}

@article{nematzadeh2019,
  author  = {Azadeh Nematzadeh and Giovanni Luca Ciampaglia and Yong-Yeol Ahn and Alessandro Flammini},
  title   = {Information Overload in Group Communication: From Conversation to Cacophony in the Twitch Chat},
  journal = {Royal Society Open Science},
  volume  = {6},
  number  = {10},
  pages   = {191412},
  year    = {2019},
  doi     = {10.1098/rsos.191412}
}

@article{edmunds2000,
  author  = {Angela Edmunds and Anne Morris},
  title   = {The Problem of Information Overload in Business Organisations: A Review of the Literature},
  journal = {International Journal of Information Management},
  volume  = {20},
  number  = {1},
  pages   = {17--28},
  year    = {2000},
  doi     = {10.1016/S0268-4012(99)00051-1}
}

@misc{statista2024,
  author       = {{AppMagic}},
  title        = {Number of Telegram App Downloads Worldwide in 2023, by Country},
  year         = {2024},
  howpublished = {Statista},
  note         = {Indonesia: approximately 27.21 million downloads},
  url          = {https://www.statista.com/statistics/1336855/telegram-downloads-by-country/}
}

@inproceedings{perlo2025,
  author    = {Alessandro Perlo and Giordano Paoletti and Nikhil Jha and Luca Vassio and Jussara Almeida and Marco Mellia},
  title     = {Topic-wise Exploration of the Telegram Group-verse},
  booktitle = {Companion Proceedings of the ACM on Web Conference 2025},
  year      = {2025},
  pages     = {1792--1801},
  address   = {Sydney, NSW, Australia},
  doi       = {10.1145/3701716.3717506}
}

@report{bei2024,
  author      = {{Bursa Efek Indonesia}},
  title       = {Jumlah Investor Saham di Indonesia Lampaui 6 Juta SID},
  institution = {Bursa Efek Indonesia},
  year        = {2024},
  month       = {9},
  type        = {Siaran Pers},
  number      = {2224},
  note        = {Total investor: 6.001.573 SID per 25 September 2024. Pertumbuhan 744.000 investor baru di tahun 2024},
  url         = {https://www.idx.co.id/}
}

@report{ojk2022,
  author      = {{Otoritas Jasa Keuangan}},
  title       = {Laporan Tahunan OJK 2022},
  institution = {Otoritas Jasa Keuangan},
  year        = {2022},
  address     = {Jakarta},
  note        = {Total investor pasar modal: 10.3 juta (akhir 2022), pertumbuhan 1.000\% sejak 2017},
  url         = {https://www.ojk.go.id/}
}

@article{jema2023,
  author  = {Junaidi Junaidi and Nurhidayah Nurhidayah},
  title   = {Social Media Impact on Trading Behavior: An Examination Among Indonesian Young Adult Investors with Capital Market Literacy as a Mediator},
  journal = {JEMA: Jurnal Ilmiah Bidang Akuntansi dan Manajemen},
  volume  = {20},
  number  = {1},
  pages   = {136--155},
  year    = {2023},
  note    = {314 responden Indonesia},
  doi     = {10.31106/jema.v20i1.19687}
}

@article{bollen2011,
  author  = {Johan Bollen and Huina Mao and Xiaojun Zeng},
  title   = {Twitter Mood Predicts the Stock Market},
  journal = {Journal of Computational Science},
  volume  = {2},
  number  = {1},
  pages   = {1--8},
  year    = {2011},
  doi     = {10.1016/j.jocs.2010.12.007}
}

@article{sianipar2023,
  author  = {Devika Pawar and Pratiksha Kokate and Kanchan Warke and Shubham Kanse and Satish R. Devane},
  title   = {Stock Market Price Prediction Using LSTM RNN and Sentiment Analysis},
  journal = {ECS Transactions},
  volume  = {107},
  number  = {1},
  pages   = {14087--14097},
  year    = {2022},
  doi     = {10.1149/10701.14087ecst},
  note    = {Menggunakan LSTM dan analisis sentimen Twitter untuk prediksi harga saham}
}

@article{liew2021,
  author  = {Ing-Haw Cheng and Shan Ge and Yan Li},
  title   = {Retail Investor Attention and the Idiosyncratic Volatility Puzzle},
  journal = {Journal of Financial Economics},
  volume  = {147},
  number  = {2},
  pages   = {540--564},
  year    = {2023},
  doi     = {10.1016/j.jfineco.2022.12.003},
  note    = {Analisis perilaku investor ritel dan peran media sosial dalam keputusan investasi}
}

@article{stars2023,
  author  = {Yichong Xu and Xiaodong Liu and Chunyuan Li and Hoifung Poon and Jianfeng Gao},
  title   = {DialogSum: A Real-Life Scenario Dialogue Summarization Dataset},
  journal = {arXiv preprint arXiv:2105.06762},
  year    = {2021},
  note    = {Dataset dan metode untuk merangkum percakapan dialog menggunakan NLP},
  url     = {https://arxiv.org/abs/2105.06762}
}

@misc{panda2023,
  author       = {{Beebom}},
  title        = {20 Best Telegram Bots to Enhance Your Messaging Experience},
  year         = {2023},
  howpublished = {Beebom},
  url          = {https://beebom.com/telegram-bots/},
  note         = {Diakses 21 Oktober 2025}
}

@book{laudon2020,
  author    = {Kenneth C. Laudon and Jane P. Laudon},
  title     = {Sistem Informasi Manajemen},
  year      = {2020},
  publisher = {Pearson Education},
  address   = {Jakarta}
}

@book{pressman2019,
  author    = {Roger S. Pressman},
  title     = {Rekayasa Perangkat Lunak: Pendekatan Praktisi},
  year      = {2019},
  publisher = {McGraw-Hill Education},
  address   = {Yogyakarta}
}

@manual{chapman2000,
  author       = {Pete Chapman and Julian Clinton and Randy Kerber and Thomas Khabaza and Thomas Reinartz and Colin Shearer and Rüdiger Wirth},
  title        = {CRISP-DM 1.0: Step-by-Step Data Mining Guide},
  organization = {CRISP-DM Consortium},
  year         = {2000},
  note         = {SPSS Inc.},
  url          = {https://www.kde.cs.uni-kassel.de/lehre/ws2012-13/kdd/files/CRISPWP-0800.pdf}
}

% ==========================================
% ADDITIONAL PAPERS FOR STUDI LITERATUR
% ==========================================

% Paper 1.7 - Attention Economics
@article{heitmayer2025,
  author  = {Maxi Heitmayer},
  title   = {The Second Wave of Attention Economics: Attention as a Universal Symbolic Currency on Social Media and beyond},
  journal = {Interacting with Computers},
  volume  = {37},
  number  = {1},
  pages   = {18--29},
  year    = {2025},
  doi     = {10.1093/iwc/iwae035}
}

% Paper 1.8 - Cognitive Load & Social Media Distraction
@inproceedings{sidnammauch2024,
  author    = {Emily Sidnam-Mauch and Peter Monge},
  title     = {Individual Differences and Technology Affordances Combine to Predict Mobile Social Media Distraction Behaviors and Consequences},
  booktitle = {Proceedings of the 2024 CHI Conference on Human Factors in Computing Systems},
  year      = {2024},
  doi       = {10.1145/3613904.3641950}
}

% Paper 1.4 - Understanding Cognitive Load in Digital
@article{skulmowski2022,
  author  = {Alexander Skulmowski and Günter Daniel Rey},
  title   = {Understanding Cognitive Load in Digital and Online Learning: a New Perspective on Extraneous Cognitive Load},
  journal = {Educational Psychology Review},
  volume  = {34},
  pages   = {171--196},
  year    = {2022},
  doi     = {10.1007/s10648-021-09624-7}
}

% Paper 1.5 - Causes, consequences, and strategies
@article{shahrzadi2024,
  author  = {Leila Shahrzadi and Khadijeh Esfandyari and Maryam Nematollahi and Elham Monaghesh and Mehdi Kazemi},
  title   = {Causes, consequences, and strategies to deal with information overload: A scoping review},
  journal = {International Journal of Information Management Data Insights},
  volume  = {4},
  year    = {2024},
  doi     = {10.1016/j.jjimei.2024.100261}
}

% Paper 2.1 - BERTSum (Text Summarization with Pretrained Encoders)
@inproceedings{liu2019bertsum,
  author    = {Yang Liu and Mirella Lapata},
  title     = {Text Summarization with Pretrained Encoders},
  booktitle = {Proceedings of EMNLP-IJCNLP 2019},
  year      = {2019},
  url       = {https://arxiv.org/abs/1908.08345}
}

% Paper 2.2 - Context Utilization in Summarization with LLMs
@inproceedings{ravaut2024,
  author    = {Mathieu Ravaut and Aixin Sun and Nancy Chen and Shafiq Joty},
  title     = {On Context Utilization in Summarization with Large Language Models},
  booktitle = {Proceedings of ACL 2024 - Volume 1: Long Papers},
  year      = {2024},
  doi       = {10.18653/v1/2024.acl-long.153}
}

% Paper 2.6 - Multi-Document Synthesis
@article{deyoung2024,
  author  = {Jay DeYoung and Iz Beltagy and Madeleine van Zuylen and Bailey Kuehl and Lucy Lu Wang},
  title   = {Do Multi-Document Summarization Models Synthesize?},
  journal = {Transactions of the Association for Computational Linguistics},
  volume  = {12},
  year    = {2024},
  doi     = {10.1162/tacl_a_00687},
  url     = {https://arxiv.org/abs/2301.13844}
}

% Paper 2.7 - BERTScore
@inproceedings{zhang2020bertscore,
  author    = {Tianyi Zhang and Varsha Kishore and Felix Wu and Kilian Q. Weinberger and Yoav Artzi},
  title     = {BERTScore: Evaluating Text Generation with BERT},
  booktitle = {International Conference on Learning Representations},
  year      = {2020},
  url       = {https://arxiv.org/abs/1904.09675}
}

% Paper 2.8 - SAMSum Corpus
@inproceedings{gliwa2019,
  author    = {Bogdan Gliwa and Iwona Mochol and Maciej Biesek and Aleksander Wawer},
  title     = {SAMSum Corpus: A Human-annotated Dialogue Dataset for Abstractive Summarization},
  booktitle = {Proceedings of the 2nd Workshop on New Frontiers in Summarization},
  year      = {2019},
  doi       = {10.18653/v1/D19-5409}
}

% Paper 3.2 - IndoNLU
@inproceedings{wilie2020,
  author    = {Bryan Wilie and Karissa Vincentio and Genta Indra Winata and Samuel Cahyawijaya and Xiaohong Li and Zhi Yuan Lim and Sidik Soleman and Rahmad Mahendra and Pascale Fung and Syafri Bahar and Ayu Purwarianti},
  title     = {IndoNLU: Benchmark and Resources for Evaluating Indonesian Natural Language Understanding},
  booktitle = {Proceedings of AACL-IJCNLP 2020},
  year      = {2020},
  doi       = {10.18653/v1/2020.aacl-main.85}
}

% Paper 3.3 - BERT Fine-Tuning Indonesian
@inproceedings{nugroho2021,
  author    = {Kemal Surya Nugroho and Ary Yusuf Sukmadewa and Hafizh Wuswilahaken DW and Fajar Ade Bachtiar and Novanto Yudistira},
  title     = {BERT Fine-Tuning for Sentiment Analysis on Indonesian Mobile Apps Reviews},
  booktitle = {Proceedings of SIET 2021},
  year      = {2021},
  doi       = {10.1145/3479645.3479679},
  url       = {https://arxiv.org/abs/2107.06802}
}

% Paper 3.6 - FinBERT
@article{araci2019,
  author  = {Doğu Araci},
  title   = {FinBERT: Financial Sentiment Analysis with Pre-trained Language Models},
  journal = {arXiv preprint arXiv:1908.10063},
  year    = {2019},
  url     = {https://arxiv.org/abs/1908.10063}
}

% Paper 3.7 - Social Relations & Sentiment for Stock Prediction
@inproceedings{si2014,
  author    = {Jianfeng Si and Arjun Mukherjee and Bing Liu and Sinno Jialin Pan and Qing Li and Huayi Li},
  title     = {Exploiting Social Relations and Sentiment for Stock Prediction},
  booktitle = {Proceedings of EMNLP 2014},
  year      = {2014},
  doi       = {10.3115/v1/D14-1120}
}

% Paper 4.2 - IndoLEM and IndoBERT
@inproceedings{koto2020,
  author    = {Fajri Koto and Afshin Rahimi and Jey Han Lau and Timothy Baldwin},
  title     = {IndoLEM and IndoBERT: A Benchmark Dataset and Pre-trained Language Model for Indonesian NLP},
  booktitle = {Proceedings of COLING 2020},
  year      = {2020},
  doi       = {10.18653/v1/2020.coling-main.66}
}

% Paper 4.4 - FinBERT-MRC for Financial NER
@article{zhang2022finbert,
  author  = {Yuzhe Zhang and Hong Zhang},
  title   = {FinBERT-MRC: Financial Named Entity Recognition Using BERT Under the Machine Reading Comprehension Paradigm},
  journal = {arXiv preprint arXiv:2205.15485},
  year    = {2022},
  url     = {https://arxiv.org/abs/2205.15485}
}

% Paper 4.6 - FiNER-ORD Dataset
@article{shah2023,
  author  = {Agam Shah and Abhinav Gullapalli and Ruchit Vithani and Michael Galarnyk and Sudheer Chava},
  title   = {FiNER-ORD: Financial Named Entity Recognition Open Research Dataset},
  journal = {arXiv preprint arXiv:2302.11157},
  year    = {2023},
  url     = {https://arxiv.org/abs/2302.11157}
}

% Paper 5.1 - BERTopic
@article{grootendorst2022,
  author  = {Maarten Grootendorst},
  title   = {BERTopic: Neural topic modeling with a class-based TF-IDF procedure},
  journal = {arXiv preprint arXiv:2203.05794},
  year    = {2022},
  url     = {https://arxiv.org/abs/2203.05794}
}

% Paper 5.2 - Topic Modeling Comparison (BERTopic vs LDA/NMF)
@article{egger2022,
  author  = {Roman Egger and Joanne Yu},
  title   = {A Topic Modeling Comparison Between LDA, NMF, Top2Vec, and BERTopic to Demystify Twitter Posts},
  journal = {Frontiers in Sociology},
  volume  = {7},
  year    = {2022},
  doi     = {10.3389/fsoc.2022.886498}
}

% Paper 5.7 - Contextual-Top2Vec
@inproceedings{angelov2024,
  author    = {Dimo Angelov and Diana Inkpen},
  title     = {Topic Modeling: Contextual Token Embeddings Are All You Need},
  booktitle = {Findings of EMNLP 2024},
  year      = {2024},
  doi       = {10.18653/v1/2024.findings-emnlp.790}
}

% Paper 6.1 - Analysis of Telegram
@inproceedings{nobari2017,
  author    = {Arash Dargahi Nobari and Negar Reshadatmand and Mahmood Neshati},
  title     = {Analysis of Telegram, An Instant Messaging Service},
  booktitle = {Proceedings of CIKM 2017},
  year      = {2017},
  doi       = {10.1145/3132847.3133132}
}

% Paper 6.2 - Telegram Group Quality
@article{hashemi2019,
  author  = {Ali Hashemi and Mohammad Ali Zare Chahooki},
  title   = {Telegram group quality measurement by user behavior analysis},
  journal = {Social Network Analysis and Mining},
  volume  = {9},
  number  = {33},
  year    = {2019},
  doi     = {10.1007/s13278-019-0575-9}
}

% Paper 6.7 - Largest Telegram Dataset
@inproceedings{lamorgia2024,
  author    = {Massimo La Morgia and Alessandro Mei and Alberto Maria Mongardini and Jie Wu},
  title     = {TGDataset: Collecting and Exploring the Largest Telegram Channels Dataset},
  booktitle = {Proceedings of ACM SIGKDD 2024},
  year      = {2024},
  doi       = {10.1145/3690624.3709397}
}

% Paper 7.1 - Real-time NLP Pipeline
@inproceedings{hamidi2021,
  author    = {Hojat Hamidi and Anouar Ben Thameur and Ali S. Alhejaili and Shafaq Anwar and Omar Alfandi},
  title     = {Real-time Text Stream Processing: A Dynamic and Distributed NLP Pipeline},
  booktitle = {2021 International Symposium on Electrical, Electronics and Information Engineering},
  year      = {2021},
  doi       = {10.1145/3459104.3459198}
}

% Paper 7.6 - Survey of Stream Processing Frameworks
@article{isah2019,
  author  = {Hazem Isah and Tariq Abughofa and Sazia Mahfuz and Dharmitha Ajerla and Farhana Zulkernine and Shahzad Khan},
  title   = {A Survey of Distributed Data Stream Processing Frameworks},
  journal = {IEEE Access},
  volume  = {7},
  year    = {2019},
  doi     = {10.1109/ACCESS.2019.2946884}
}

% Paper 7.10 - Event-Driven Architecture Performance
@article{rubert2023,
  author  = {Marcos Rubert and Kleinner Farias},
  title   = {On the impact of event-driven architecture on performance: An exploratory study},
  journal = {Future Generation Computer Systems},
  volume  = {153},
  year    = {2023},
  doi     = {10.1016/j.future.2023.10.021}
}

% Paper 8.7 - Recursive Summarization for Long-Term Memory
@article{wang2023recursive,
  author  = {Qingyue Wang and Liang Ding and Yanan Cao and Zhiliang Tian and Shi Wang and Dacheng Tao and Li Guo},
  title   = {Recursively Summarizing Enables Long-Term Dialogue Memory in Large Language Models},
  journal = {arXiv preprint arXiv:2308.15022},
  year    = {2023},
  url     = {https://arxiv.org/abs/2308.15022}
}

% Paper 8.9 - Dialogue Summarization with MoE
@inproceedings{tian2024,
  author    = {Yuanhe Tian and Fei Xia and Yan Song},
  title     = {Dialogue Summarization with Mixture of Experts based on Large Language Models},
  booktitle = {Proceedings of ACL 2024},
  year      = {2024},
  doi       = {10.18653/v1/2024.acl-long.385}
}

% Paper 9.2 - Harnessing Popularity in Social Media
@inproceedings{kano2018,
  author    = {Ryuji Kano and Yasuhide Miura and Motoki Taniguchi and Yan-Ying Chen and Francine Chen and Tomoko Ohkuma},
  title     = {Harnessing Popularity in Social Media for Extractive Summarization of Online Conversations},
  booktitle = {Proceedings of EMNLP 2018},
  year      = {2018},
  doi       = {10.18653/v1/D18-1144}
}

% Paper 9.3 - ConvoSumm (Argument Mining)
@inproceedings{fabbri2021,
  author    = {Alexander Fabbri and Faiaz Rahman and Imad Rizvi and Borui Wang and Haoran Li and Yashar Mehdad and Dragomir Radev},
  title     = {ConvoSumm: Conversation Summarization Benchmark and Improved Abstractive Summarization with Argument Mining},
  booktitle = {Proceedings of ACL-IJCNLP 2021},
  year      = {2021},
  doi       = {10.18653/v1/2021.acl-long.535}
}

% Paper 9.5 - Structure-Aware Conversation Summarization
@inproceedings{chen2021,
  author    = {Jiaao Chen and Diyi Yang},
  title     = {Structure-Aware Abstractive Conversation Summarization via Discourse and Action Graphs},
  booktitle = {Proceedings of NAACL 2021},
  year      = {2021},
  doi       = {10.18653/v1/2021.naacl-main.109}
}

% Paper 9.6 - TLDR9+ Dataset
@inproceedings{sotudeh2021,
  author    = {Sajad Sotudeh and Hanieh Deilamsalehy and Franck Dernoncourt and Nazli Goharian},
  title     = {TLDR9+: A Large Scale Resource for Extreme Summarization of Social Media Posts},
  booktitle = {Proceedings of the Third Workshop on New Frontiers in Summarization},
  year      = {2021},
  doi       = {10.18653/v1/2021.newsum-1.15}
}

% Paper 2.4 - Extractive and Abstractive with Transformers
@inproceedings{pilault2020,
  author    = {Jonathan Pilault and Raymond Li and Sandeep Subramanian and Chris Pal},
  title     = {On Extractive and Abstractive Neural Document Summarization with Transformer Language Models},
  booktitle = {Proceedings of EMNLP 2020},
  year      = {2020},
  doi       = {10.18653/v1/2020.emnlp-main.748}
}

% Paper 2.3 - LLMs as Evaluators
@inproceedings{shen2023,
  author    = {Chenhui Shen and Liying Cheng and Xuan-Phi Nguyen and Yang You and Lidong Bing},
  title     = {Large Language Models are Not Yet Human-Level Evaluators for Abstractive Summarization},
  booktitle = {Findings of EMNLP 2023},
  year      = {2023},
  doi       = {10.18653/v1/2023.findings-emnlp.278}
}

% Paper 4.1 - Indonesian NER Standardization
@inproceedings{khairunnisa2020,
  author    = {Siti Oryza Khairunnisa and Aizhan Imankulova and Mamoru Komachi},
  title     = {Towards a Standardized Dataset on Indonesian Named Entity Recognition},
  booktitle = {Proceedings of AACL-IJCNLP 2020: Student Research Workshop},
  year      = {2020},
  doi       = {10.18653/v1/2020.aacl-srw.10}
}
